<record><leader>00000cas a22000007a 4500</leader><controlfield tag="001">13048631</controlfield><controlfield tag="008">860122d18661876ohuwr ne      0    0eng d</controlfield><datafield ind1=" " ind2=" " tag="010"><subfield code="a">sn 86079032 </subfield></datafield><datafield ind1=" " ind2=" " tag="040"><subfield code="a">NPU</subfield><subfield code="b">eng</subfield><subfield code="c">NPU</subfield><subfield code="d">ONP</subfield><subfield code="d">OCLCQ</subfield></datafield><datafield ind1=" " ind2=" " tag="042"><subfield code="a">msc</subfield></datafield><datafield ind1="0" ind2=" " tag="130"><subfield code="a">Portsmouth Republican (Portsmouth, Ohio : 1866)</subfield></datafield><datafield ind1="1" ind2="0" tag="245"><subfield code="a">Portsmouth Republican.</subfield></datafield><datafield ind1=" " ind2=" " tag="260"><subfield code="a">Portsmouth, O. [Ohio] :</subfield><subfield code="b">Republican Print. Co.</subfield></datafield><datafield ind1=" " ind2=" " tag="300"><subfield code="a">v. :</subfield><subfield code="b">ill. (chiefly advertisements) ;</subfield><subfield code="c">66 cm.</subfield></datafield><datafield ind1=" " ind2=" " tag="321"><subfield code="a">Weekly</subfield></datafield><datafield ind1="1" ind2=" " tag="362"><subfield code="a">Began in 1866; ceased in Aug. 1876.</subfield><subfield code="z">Cf. Gutgesell, S. Guide to Ohio newspapers, 1974.</subfield></datafield><datafield ind1=" " ind2=" " tag="500"><subfield code="a">"Devoted to politics, literature and news."</subfield></datafield><datafield ind1=" " ind2=" " tag="588"><subfield code="a">Description based on: O.S. vol. 15 = N.S. vol. 2, no. 32 (Mar. 7, 1868).</subfield></datafield><datafield ind1=" " ind2=" " tag="752"><subfield code="a">United States</subfield><subfield code="b">Ohio</subfield><subfield code="c">Scioto</subfield><subfield code="d">Portsmouth.</subfield></datafield><datafield ind1="0" ind2=" " tag="775"><subfield code="t">Tri-weekly Republican (Portsmouth, Ohio)</subfield><subfield code="w">(DLC)sn8700075109</subfield></datafield><datafield ind1="0" ind2="7" tag="785"><subfield code="t">Portsmouth tribune (Portsmouth, Ohio : 1872)</subfield><subfield code="w">(DLC)sn8780075104</subfield></datafield><datafield ind1="0" ind2="7" tag="785"><subfield code="t">Portsmouth tribune and Republican</subfield><subfield code="w">(DLC)sn8700075102</subfield></datafield></record>